<record xmlns="http://www.loc.gov/MARC21/slim" xmlns:xsi="http://www.w3.org/2001/XMLSchema-instance" xsi:schemaLocation="http://www.loc.gov/MARC21/slim http://www.loc.gov/standards/marcxml/schema/MARC21slim.xsd">

  <leader>01448nab a22001697a 4500</leader>
  <controlfield tag="005">20160317161934.0</controlfield>
  <controlfield tag="008">150625b2001    cr f|||| |||| 00| 0 spa d</controlfield>
  <datafield tag="090" ind2=" " ind1=" ">
    <subfield code="a">REVIS 06.02.01</subfield>
  </datafield>
  <datafield tag="100" ind1="1" ind2=" ">
    <subfield code="9">243</subfield>
    <subfield code="a">Orozco Delgado, Víctor Hugo</subfield>
  </datafield>
  <datafield ind2="0" ind1="1" tag="245">
    <subfield code="a">Reflexiones teórico metodológicas para el desarrollar el proceso de inducción como apoyo a la gestión del recurso humano universitario /</subfield>
    <subfield code="c">Víctor Hugo Orozco Delgado</subfield>
  </datafield>
  <datafield tag="260" ind1=" " ind2=" ">
    <subfield code="a">San José, Costa Rica :</subfield>
    <subfield code="b">Editorial Universidad de Costa Rica,</subfield>
    <subfield code="c">2001</subfield>
  </datafield>
  <datafield ind1=" " ind2=" " tag="300">
    <subfield code="a"> páginas 35-52</subfield>
  </datafield>
  <datafield tag="520" ind1=" " ind2=" ">
    <subfield code="a">Se analizan en este artículo elementos básicos que deben ser considerados en el proceso de gestión del recurso humano universitario. Se ofrece especial atención al funcionario universitario que por primera vez inicia sus labores, sobre todo, por la ansiedad, nerviosismo y otras situaciones que enfrenta cuando ingresa por primera vez a una organización tan grande y compleja en sus relaciones como lo es la universidad.
Se presenta a los responsables de dirigir y administrar el recurso humano universitario, algunas estrategias que les permitan generar confianza y seguridad entre quienes laboran a su alrededor y con ello, contribuir sin duda al logro de las metas organizacionales</subfield>
  </datafield>
  <datafield ind2="4" ind1="1" tag="650">
    <subfield code="9">1</subfield>
    <subfield code="a">EDUCACIÓN</subfield>
  </datafield>
  <datafield ind2=" " ind1="0" tag="773">
    <subfield code="d">San José, Costa Rica : Editorial de la Universidad de Costa Rica, 1997-</subfield>
    <subfield code="o">R0054</subfield>
    <subfield code="t">EDUCACIÓN: Revista de la Universidad de Costa Rica</subfield>
    <subfield code="g">Vol.25, no.1  (2001)</subfield>
  </datafield>
  <datafield tag="942" ind1=" " ind2=" ">
    <subfield code="2">z</subfield>
    <subfield code="c">10</subfield>
  </datafield>
  <datafield ind2=" " ind1=" " tag="999">
    <subfield code="c">2713</subfield>
    <subfield code="d">2713</subfield>
  </datafield>
</record>